<collection xmlns="http://www.loc.gov/MARC21/slim">
   <record>
      <leader>02362cam a2200469 i 4500</leader>
      <controlfield tag="001">6803415</controlfield>
      <controlfield tag="003">OCoLC</controlfield>
      <controlfield tag="005">20150126084130.0</controlfield>
      <controlfield tag="008">140812t20152015caua     b    001 0 eng d</controlfield>
      <datafield ind1=" " ind2=" " tag="015">
         <subfield code="a">GBB4D4136</subfield>
         <subfield code="2">bnb</subfield>
      </datafield>
      <datafield ind1="7" ind2=" " tag="016">
         <subfield code="a">016955310</subfield>
         <subfield code="2">Uk</subfield>
      </datafield>
      <datafield ind1=" " ind2=" " tag="020">
         <subfield code="a">1483349977</subfield>
      </datafield>
      <datafield ind1=" " ind2=" " tag="020">
         <subfield code="a">9781483349978</subfield>
      </datafield>
      <datafield ind1=" " ind2=" " tag="035">
         <subfield code="a">ocn886599359</subfield>
      </datafield>
      <datafield ind1=" " ind2=" " tag="040">
         <subfield code="a">YDXCP</subfield>
         <subfield code="b">eng</subfield>
         <subfield code="e">rda</subfield>
         <subfield code="c">YDXCP</subfield>
         <subfield code="d">BTCTA</subfield>
         <subfield code="d">BDX</subfield>
         <subfield code="d">OCLCQ</subfield>
         <subfield code="d">UKMGB</subfield>
         <subfield code="d">SINIE</subfield>
         <subfield code="d">OCLCO</subfield>
         <subfield code="d">IUL</subfield>
         <subfield code="d">UAB</subfield>
         <subfield code="d">AEU</subfield>
      </datafield>
      <datafield ind1=" " ind2="4" tag="050">
         <subfield code="a">LB3013</subfield>
         <subfield code="b">.J65 2015</subfield>
      </datafield>
      <datafield ind1="0" ind2="4" tag="082">
         <subfield code="a">370.15/28</subfield>
         <subfield code="2">23</subfield>
      </datafield>
      <datafield ind1=" " ind2=" " tag="090">
         <subfield code="a">LB 3013 J65 2015</subfield>
         <subfield code="b">AEU</subfield>
      </datafield>
      <datafield ind1=" " ind2=" " tag="090">
         <subfield code="a">LB3013 .J65 2015</subfield>
         <subfield code="b">AEGMCT</subfield>
      </datafield>
      <datafield ind1="1" ind2=" " tag="100">
         <subfield code="a">Johns, Beverley H.</subfield>
         <subfield code="q">(Beverley Holden),</subfield>
         <subfield code="e">author.</subfield>
         <subfield code="0">http://id.loc.gov/authorities/names/n95103469</subfield>
         <subfield code="0">http://viaf.org/viaf/1723771</subfield>
      </datafield>
      <datafield ind1="1" ind2="0" tag="245">
         <subfield code="a">15 positive behavior strategies to increase academic success /</subfield>
         <subfield code="c">Beverley Holden Johns.</subfield>
      </datafield>
      <datafield ind1="3" ind2=" " tag="246">
         <subfield code="a">Fifteen positive behavior strategies to increase academic success</subfield>
      </datafield>
      <datafield ind1=" " ind2="1" tag="264">
         <subfield code="a">Thousand Oaks, California :</subfield>
         <subfield code="b">Corwin, a Sage company,</subfield>
         <subfield code="c">[2015]</subfield>
      </datafield>
      <datafield ind1=" " ind2="4" tag="264">
         <subfield code="c">©2015</subfield>
      </datafield>
      <datafield ind1=" " ind2=" " tag="300">
         <subfield code="a">xii, 170 pages :</subfield>
         <subfield code="b">illustrations ;</subfield>
         <subfield code="c">26 cm</subfield>
      </datafield>
      <datafield ind1=" " ind2=" " tag="336">
         <subfield code="a">text</subfield>
         <subfield code="b">txt</subfield>
         <subfield code="2">rdacontent</subfield>
         <subfield code="0">http://id.loc.gov/vocabulary/contentTypes/txt</subfield>
      </datafield>
      <datafield ind1=" " ind2=" " tag="337">
         <subfield code="a">unmediated</subfield>
         <subfield code="b">n</subfield>
         <subfield code="2">rdamedia</subfield>
         <subfield code="0">http://id.loc.gov/vocabulary/mediaTypes/n</subfield>
      </datafield>
      <datafield ind1=" " ind2=" " tag="338">
         <subfield code="a">volume</subfield>
         <subfield code="b">nc</subfield>
         <subfield code="2">rdacarrier</subfield>
         <subfield code="0">http://id.loc.gov/vocabulary/carriers/nc</subfield>
      </datafield>
      <datafield ind1=" " ind2=" " tag="504">
         <subfield code="a">Includes bibliographical references (pages 151-161) and index.</subfield>
      </datafield>
      <datafield ind1=" " ind2=" " tag="596">
         <subfield code="a">29 41</subfield>
      </datafield>
      <datafield ind1=" " ind2="0" tag="650">
         <subfield code="a">Classroom management.</subfield>
         <subfield code="0">http://id.loc.gov/authorities/subjects/sh85026819</subfield>
      </datafield>
      <datafield ind1=" " ind2="0" tag="650">
         <subfield code="a">Behavior modification.</subfield>
         <subfield code="0">http://id.loc.gov/authorities/subjects/sh85012897</subfield>
      </datafield>
      <datafield ind1=" " ind2="0" tag="650">
         <subfield code="a">Problem children</subfield>
         <subfield code="x">Education.</subfield>
         <subfield code="0">http://id.loc.gov/authorities/subjects/sh85107105</subfield>
      </datafield>
      <datafield ind1=" " ind2="0" tag="650">
         <subfield code="a">Remedial teaching.</subfield>
         <subfield code="0">http://id.loc.gov/authorities/subjects/sh85112781</subfield>
      </datafield>
      <datafield ind1=" " ind2="0" tag="650">
         <subfield code="a">Individualized instruction.</subfield>
         <subfield code="0">http://id.loc.gov/authorities/subjects/sh85065691</subfield>
      </datafield>
      <datafield ind1=" " ind2=" " tag="758">
         <subfield code="0">http://worldcat.org/entity/work/id/23629388</subfield>
      </datafield>
      <datafield ind1="0" ind2=" " tag="787">
         <subfield code="n">OCLC Work Id</subfield>
         <subfield code="o">http://worldcat.org/entity/work/id/23629388</subfield>
      </datafield>
      <datafield ind1=" " ind2=" " tag="949">
         <subfield code="a">LB 3013 J65 2015</subfield>
         <subfield code="c">1</subfield>
         <subfield code="h">UAED-B</subfield>
         <subfield code="i">0162035237229</subfield>
      </datafield>
      <datafield ind1=" " ind2=" " tag="947">
         <subfield code="b">PSN</subfield>
         <subfield code="f">QGM</subfield>
         <subfield code="h">GMCT-OS-B</subfield>
         <subfield code="p">26.36</subfield>
         <subfield code="q">1</subfield>
         <subfield code="z">9781483349978</subfield>
      </datafield>
      <datafield ind1=" " ind2=" " tag="999">
         <subfield code="h">GMCT-OS-B</subfield>
      </datafield>
      <datafield ind1=" " ind2=" " tag="926">
         <subfield code="a">LB 3013 J65 2015</subfield>
         <subfield code="w">LC</subfield>
         <subfield code="c">1</subfield>
         <subfield code="i">0162035237229</subfield>
         <subfield code="d">1/13/2017</subfield>
         <subfield code="e">12/12/2016</subfield>
         <subfield code="l">FLOOR_2</subfield>
         <subfield code="m">UAEDUC</subfield>
         <subfield code="n">7</subfield>
         <subfield code="p">$150.00</subfield>
         <subfield code="r">Y</subfield>
         <subfield code="s">Y</subfield>
         <subfield code="t">BOOK</subfield>
         <subfield code="u">2/11/2015</subfield>
      </datafield>
      <datafield ind1=" " ind2=" " tag="926">
         <subfield code="a">LB3013 .J65 2015</subfield>
         <subfield code="w">LC</subfield>
         <subfield code="c">1</subfield>
         <subfield code="i">1007764176</subfield>
         <subfield code="d">1/31/2017</subfield>
         <subfield code="e">9/29/2016</subfield>
         <subfield code="l">ON_SHELF</subfield>
         <subfield code="m">GR_MACEWAN</subfield>
         <subfield code="n">2</subfield>
         <subfield code="p">$33.46</subfield>
         <subfield code="q">1</subfield>
         <subfield code="r">Y</subfield>
         <subfield code="s">Y</subfield>
         <subfield code="t">BOOK</subfield>
         <subfield code="u">5/21/2015</subfield>
      </datafield>
   </record>
</collection>
